<record><leader>00000cas a22000007i 4500</leader><controlfield tag="001">122294723</controlfield><controlfield tag="006">m     o  d        </controlfield><controlfield tag="007">cr unu||||||||</controlfield><controlfield tag="008">070403d17951796paudn neo     0   a0eng d</controlfield><datafield ind1=" " ind2=" " tag="010"><subfield code="a">  2016271154</subfield></datafield><datafield ind1=" " ind2=" " tag="040"><subfield code="a">AMHNW</subfield><subfield code="b">eng</subfield><subfield code="c">AMHNW</subfield><subfield code="d">AMHNW</subfield><subfield code="d">OCLCQ</subfield><subfield code="d">OCLCA</subfield><subfield code="d">OCLCF</subfield><subfield code="d">OCLCQ</subfield><subfield code="d">DLC</subfield></datafield><datafield ind1="0" ind2=" " tag="022"><subfield code="a">2474-0888</subfield><subfield code="2">1</subfield></datafield><datafield ind1=" " ind2=" " tag="042"><subfield code="a">msc</subfield><subfield code="a">nsdp</subfield></datafield><datafield ind1=" " ind2=" " tag="043"><subfield code="a">n-us-pa</subfield></datafield><datafield ind1="1" ind2="0" tag="050"><subfield code="a">ISSN RECORD</subfield></datafield><datafield ind1="1" ind2="0" tag="082"><subfield code="a">071</subfield><subfield code="2">23</subfield></datafield><datafield ind1="0" ind2=" " tag="130"><subfield code="a">Gazette of the United States (Philadelphia, Pa. : 1795 : Online)</subfield></datafield><datafield ind1=" " ind2="0" tag="222"><subfield code="a">Gazette of the United States</subfield><subfield code="b">(Philadelphia, Pa. 1795 Online)</subfield></datafield><datafield ind1="1" ind2="0" tag="245"><subfield code="a">Gazette of the United States.</subfield></datafield><datafield ind1="1" ind2="3" tag="246"><subfield code="a">Gazette United States</subfield></datafield><datafield ind1=" " ind2="1" tag="264"><subfield code="a">Philadelphia [Pa.] :</subfield><subfield code="b">Printed by John Fenno,</subfield><subfield code="c">-1796.</subfield></datafield><datafield ind1=" " ind2=" " tag="300"><subfield code="a">1 online resource</subfield></datafield><datafield ind1=" " ind2=" " tag="310"><subfield code="a">Daily (except Sunday)</subfield></datafield><datafield ind1=" " ind2=" " tag="336"><subfield code="a">text</subfield><subfield code="b">txt</subfield><subfield code="2">rdacontent</subfield></datafield><datafield ind1=" " ind2=" " tag="337"><subfield code="a">computer</subfield><subfield code="b">c</subfield><subfield code="2">rdamedia</subfield></datafield><datafield ind1=" " ind2=" " tag="338"><subfield code="a">online resource</subfield><subfield code="b">cr</subfield><subfield code="2">rdacarrier</subfield></datafield><datafield ind1="1" ind2=" " tag="362"><subfield code="a">Began July 1, 1795; ceased with volume IX, number 1189 (June 30, 1796).</subfield></datafield><datafield ind1=" " ind2=" " tag="500"><subfield code="a">"Of the" appears within title ornament, July 1, 1795.</subfield></datafield><datafield ind1=" " ind2=" " tag="500"><subfield code="a">Published as: Gazette United States, July 2, 1795-Jan. 5, 1796.</subfield></datafield><datafield ind1=" " ind2=" " tag="530"><subfield code="a">Available on microopaque and microfilm from Readex Microprint Corp. and on microfilm from Micro Photo Div., Bell &amp; Howell Co. issued in print and microform.</subfield></datafield><datafield ind1=" " ind2=" " tag="588"><subfield code="a">Description based on: Volume IX, number 143 (January 12, 1796); title from masthead (Chroniclingamerica.loc.gov, viewed September 7, 2016).</subfield></datafield><datafield ind1=" " ind2=" " tag="588"><subfield code="a">Latest issue consulted: Volume IX, number 1189 (June 30, 1796) (Chroniclingamerica.loc.gov, viewed September 7, 2016).</subfield></datafield><datafield ind1=" " ind2="0" tag="651"><subfield code="a">Philadelphia (Pa.)</subfield><subfield code="v">Newspapers.</subfield></datafield><datafield ind1=" " ind2="0" tag="651"><subfield code="a">Philadelphia County (Pa.)</subfield><subfield code="v">Newspapers.</subfield></datafield><datafield ind1=" " ind2="7" tag="651"><subfield code="a">Pennsylvania</subfield><subfield code="z">Philadelphia.</subfield><subfield code="2">fast</subfield><subfield code="0">(OCoLC)fst01204170</subfield></datafield><datafield ind1=" " ind2="7" tag="651"><subfield code="a">Pennsylvania</subfield><subfield code="z">Philadelphia County.</subfield><subfield code="2">fast</subfield><subfield code="0">(OCoLC)fst01217128</subfield></datafield><datafield ind1=" " ind2="7" tag="655"><subfield code="a">Newspapers.</subfield><subfield code="2">fast</subfield><subfield code="0">(OCoLC)fst01423814</subfield></datafield><datafield ind1="1" ind2=" " tag="700"><subfield code="a">Fenno, John,</subfield><subfield code="d">1751-1798.</subfield></datafield><datafield ind1=" " ind2=" " tag="752"><subfield code="a">United States</subfield><subfield code="b">Pennsylvania</subfield><subfield code="c">Philadelphia</subfield><subfield code="d">Philadelphia.</subfield></datafield><datafield ind1="0" ind2="8" tag="776"><subfield code="i">Originally issued in print:</subfield><subfield code="t">Gazette of the United States (Philadelphia, Pa. : 1795) 2474-087X</subfield><subfield code="w">(DLC)sn 84026273</subfield><subfield code="w">(OCoLC)10368055</subfield></datafield><datafield ind1="0" ind2="0" tag="780"><subfield code="t">Gazette of the United States and daily evening advertiser (Online)</subfield><subfield code="x">2474-0861</subfield><subfield code="w">(DLC)  2016271153</subfield><subfield code="w">(OCoLC)122294658</subfield></datafield><datafield ind1="0" ind2="0" tag="785"><subfield code="t">Gazette of the United States, &amp; Philadelphia daily advertiser (Online)</subfield><subfield code="x">2474-0918</subfield><subfield code="w">(DLC)  2016271155</subfield><subfield code="w">(OCoLC)122294780</subfield></datafield><datafield ind1="4" ind2="0" tag="856"><subfield code="u">http://infoweb.newsbank.com/?db=EANX&amp;s_browseRef=decades/109216E5B4DF4B28/all.xml</subfield></datafield><datafield ind1="4" ind2="0" tag="856"><subfield code="u">http://www.loc.gov/chroniclingamerica/lccn/sn84026273/issues</subfield></datafield><datafield ind1="1" ind2=" " tag="029"><subfield code="a">AU@</subfield><subfield code="b">000043824434</subfield></datafield><datafield ind1="1" ind2=" " tag="029"><subfield code="a">AU@</subfield><subfield code="b">000044061866</subfield></datafield><datafield ind1="1" ind2=" " tag="029"><subfield code="a">AU@</subfield><subfield code="b">000044941815</subfield></datafield><datafield ind1="1" ind2=" " tag="029"><subfield code="a">AU@</subfield><subfield code="b">000045732737</subfield></datafield></record>